@inproceedings{pennington-etal-2014-glove,
    title = "GloVe: Global Vectors for Word Representation",
    author = "Pennington, Jeffrey  and
      Socher, Richard  and
      Manning, Christopher",
    booktitle = "Proceedings of the 2014 Conference on Empirical Methods in Natural Language Processing ({EMNLP})",
    month = oct,
    year = "2014",
    address = "Doha, Qatar",
    publisher = "Association for Computational Linguistics",
    url = "https://aclanthology.org/D14-1162",
    doi = "10.3115/v1/D14-1162",
    pages = "1532--1543",
}

@article{BERT-paper,
  author    = {Jacob Devlin and
               Ming{-}Wei Chang and
               Kenton Lee and
               Kristina Toutanova},
  title     = {{BERT:} Pre-training of Deep Bidirectional Transformers for Language
               Understanding},
  journal   = {CoRR},
  volume    = {abs/1810.04805},
  year      = {2018},
  url       = {http://arxiv.org/abs/1810.04805},
  archivePrefix = {arXiv},
  eprint    = {1810.04805},
  timestamp = {Tue, 30 Oct 2018 20:39:56 +0100},
  biburl    = {https://dblp.org/rec/journals/corr/abs-1810-04805.bib},
  bibsource = {dblp computer science bibliography, https://dblp.org}
}

@misc{mikolov2013efficient,
      title={Efficient Estimation of Word Representations in Vector Space}, 
      author={Tomas Mikolov and Kai Chen and Greg Corrado and Jeffrey Dean},
      year={2013},
      eprint={1301.3781},
      archivePrefix={arXiv},
      primaryClass={cs.CL}
}

@article{DBLP:journals/corr/VaswaniSPUJGKP17,
  author    = {Ashish Vaswani and
               Noam Shazeer and
               Niki Parmar and
               Jakob Uszkoreit and
               Llion Jones and
               Aidan N. Gomez and
               Lukasz Kaiser and
               Illia Polosukhin},
  title     = {Attention Is All You Need},
  journal   = {CoRR},
  volume    = {abs/1706.03762},
  year      = {2017},
  url       = {http://arxiv.org/abs/1706.03762},
  archivePrefix = {arXiv},
  eprint    = {1706.03762},
  timestamp = {Sat, 23 Jan 2021 01:20:40 +0100},
  biburl    = {https://dblp.org/rec/journals/corr/VaswaniSPUJGKP17.bib},
  bibsource = {dblp computer science bibliography, https://dblp.org}
}

@inproceedings{luong-etal-2013-better,
    title = "Better Word Representations with Recursive Neural Networks for Morphology",
    author = "Luong, Thang  and
      Socher, Richard  and
      Manning, Christopher",
    booktitle = "Proceedings of the Seventeenth Conference on Computational Natural Language Learning",
    month = aug,
    year = "2013",
    address = "Sofia, Bulgaria",
    publisher = "Association for Computational Linguistics",
    url = "https://aclanthology.org/W13-3512",
    pages = "104--113",
}
 


@article{DBLP:journals/corr/SpeerC16,
  author    = {Robyn Speer and
               Joshua Chin},
  title     = {An Ensemble Method to Produce High-Quality Word Embeddings},
  journal   = {CoRR},
  volume    = {abs/1604.01692},
  year      = {2016},
  url       = {http://arxiv.org/abs/1604.01692},
  archivePrefix = {arXiv},
  eprint    = {1604.01692},
  timestamp = {Fri, 09 Apr 2021 10:07:30 +0200},
  biburl    = {https://dblp.org/rec/journals/corr/SpeerC16.bib},
  bibsource = {dblp computer science bibliography, https://dblp.org}
}

@inproceedings{schnabel-etal-2015-evaluation,
    title = "Evaluation methods for unsupervised word embeddings",
    author = "Schnabel, Tobias  and
      Labutov, Igor  and
      Mimno, David  and
      Joachims, Thorsten",
    booktitle = "Proceedings of the 2015 Conference on Empirical Methods in Natural Language Processing",
    month = sep,
    year = "2015",
    address = "Lisbon, Portugal",
    publisher = "Association for Computational Linguistics",
    url = "https://aclanthology.org/D15-1036",
    doi = "10.18653/v1/D15-1036",
    pages = "298--307",
}

@article{DBLP:journals/corr/LuongM16,
  author    = {Minh{-}Thang Luong and
               Christopher D. Manning},
  title     = {Achieving Open Vocabulary Neural Machine Translation with Hybrid Word-Character
               Models},
  journal   = {CoRR},
  volume    = {abs/1604.00788},
  year      = {2016},
  url       = {http://arxiv.org/abs/1604.00788},
  archivePrefix = {arXiv},
  eprint    = {1604.00788},
  timestamp = {Mon, 13 Aug 2018 16:47:26 +0200},
  biburl    = {https://dblp.org/rec/journals/corr/LuongM16.bib},
  bibsource = {dblp computer science bibliography, https://dblp.org}
}

@inproceedings{sennrich-etal-2016-neural,
    title = "Neural Machine Translation of Rare Words with Subword Units",
    author = "Sennrich, Rico  and
      Haddow, Barry  and
      Birch, Alexandra",
    booktitle = "Proceedings of the 54th Annual Meeting of the Association for Computational Linguistics (Volume 1: Long Papers)",
    month = aug,
    year = "2016",
    address = "Berlin, Germany",
    publisher = "Association for Computational Linguistics",
    url = "https://aclanthology.org/P16-1162",
    doi = "10.18653/v1/P16-1162",
    pages = "1715--1725",
}
